<record><leader>00000cas a22000007a 4500</leader><controlfield tag="001">21065018</controlfield><controlfield tag="008">900214c19889999hiumr ne      0    0eng d</controlfield><datafield ind1=" " ind2=" " tag="010"><subfield code="a">sn 90099102 </subfield></datafield><datafield ind1=" " ind2=" " tag="040"><subfield code="a">HUH</subfield><subfield code="b">eng</subfield><subfield code="c">HWN</subfield><subfield code="d">OCLCQ</subfield><subfield code="d">OCLCF</subfield><subfield code="d">OCLCO</subfield></datafield><datafield ind1=" " ind2=" " tag="037"><subfield code="b">Kama&#699;aina News, P.O. Box 994, Lahaina, Maui, HI 96767</subfield></datafield><datafield ind1=" " ind2=" " tag="042"><subfield code="a">msc</subfield></datafield><datafield ind1=" " ind2=" " tag="043"><subfield code="a">n-us-hi</subfield></datafield><datafield ind1=" " ind2=" " tag="090"><subfield code="a">DU620</subfield><subfield code="b">.K36</subfield></datafield><datafield ind1="0" ind2="0" tag="245"><subfield code="a">Kama&#699;aina news.</subfield></datafield><datafield ind1=" " ind2=" " tag="260"><subfield code="a">Lahaina, HI :</subfield><subfield code="b">People's Press</subfield></datafield><datafield ind1=" " ind2=" " tag="300"><subfield code="a">v. :</subfield><subfield code="b">ill. ;</subfield><subfield code="c">30 cm.</subfield></datafield><datafield ind1=" " ind2=" " tag="310"><subfield code="a">Monthly</subfield></datafield><datafield ind1="1" ind2=" " tag="362"><subfield code="a">Began in 1988.</subfield></datafield><datafield ind1=" " ind2=" " tag="500"><subfield code="a">Editor: T.M. Tice.</subfield></datafield><datafield ind1=" " ind2=" " tag="588"><subfield code="a">Description based on: Vol. 1, no. 11 (Dec. 1989).</subfield></datafield><datafield ind1=" " ind2="0" tag="650"><subfield code="a">Hawaiians</subfield><subfield code="v">Newspapers.</subfield></datafield><datafield ind1=" " ind2="7" tag="655"><subfield code="a">Newspapers.</subfield><subfield code="2">fast</subfield><subfield code="0">(OCoLC)fst01423814</subfield></datafield><datafield ind1=" " ind2="7" tag="650"><subfield code="a">Hawaiians.</subfield><subfield code="2">fast</subfield><subfield code="0">(OCoLC)fst00952033</subfield></datafield><datafield ind1=" " ind2=" " tag="752"><subfield code="a">United States</subfield><subfield code="b">Hawaii</subfield><subfield code="c">Maui</subfield><subfield code="d">Lahaina.</subfield></datafield></record>